@article{det,
  title={Parallel programming must be deterministic by default},
  author={Bocchino, Robert L and Adve, Vikram and Adve, Sarita and Snir, Marc},
  journal={Usenix HotPar},
  volume={6},
  year={2009}
}

@article{hypo,
  title={The synchronous hypothesis and synchronous languages},
  author={Potop-Butucaru, Dumitru and De Simone, Robert and Talpin, Jean-Pierre},
  journal={The embedded systems handbook},
  pages={1--21},
  year={2005},
  publisher={Citeseer}
}

@article{langs,
  title={The synchronous languages 12 years later},
  author={Benveniste, Albert and Caspi, Paul and Edwards, Stephen A and Halbwachs, Nicolas and Le Guernic, Paul and De Simone, Robert},
  journal={Proceedings of the IEEE},
  volume={91},
  number={1},
  pages={64--83},
  year={2003},
  publisher={IEEE}
}

@article{sync,
  title={The synchronous approach to reactive and real-time systems},
  author={Benveniste, Albert and Berry, G{\'e}rard},
  journal={Proceedings of the IEEE},
  volume={79},
  number={9},
  pages={1270--1282},
  year={1991},
  publisher={IEEE}
}

@inproceedings{schemes,
  title={Synchronous programming of reactive systems},
  author={Halbwachs, Nicolas},
  booktitle={International Conference on Computer Aided Verification},
  pages={1--16},
  year={1998},
  organization={Springer}
}

